@article{ometov2018multi,
  title={Multi-factor authentication: A survey},
  author={Ometov, Aleksandr and Bezzateev, Sergey and M{\"a}kitalo, Niko and Andreev, Sergey and Mikkonen, Tommi and Koucheryavy, Yevgeni},
  journal={Cryptography},
  volume={2},
  number={1},
  pages={1},
  year={2018},
  publisher={MDPI}
}

@article{idrus2013review,
  title={A review on authentication methods},
  author={Idrus, Syed Zulkarnain Syed and Cherrier, Estelle and Rosenberger, Christophe and Schwartzmann, Jean-Jacques},
  journal={Australian Journal of Basic and Applied Sciences},
  volume={7},
  number={5},
  pages={95--107},
  year={2013}
}
@article{lal2016review,
  title={A review of authentication methods},
  author={Lal, Nilesh A and Prasad, Salendra and Farik, Mohammed},
  journal={vol},
  volume={5},
  pages={246--249},
  year={2016}
}
@inproceedings{camenisch2002design,
  title={Design and implementation of the idemix anonymous credential system},
  author={Camenisch, Jan and Van Herreweghen, Els},
  booktitle={Proceedings of the 9th ACM Conference on Computer and Communications Security},
  pages={21--30},
  year={2002}
}
@article{zhang2021passo,
  title={EL PASSO: efficient and lightweight privacy-preserving single sign on},
  author={Zhang, Zhiyi and Krol, Michal and Sonnino, Alberto and Zhang, Lixia and Rivi{\`e}re, Etienne},
  journal={Proceedings on Privacy Enhancing Technologies},
  volume={2021},
  number={2},
  pages={70--87},
  year={2021},
  publisher={Walter de Gruyter GmbH}
}
@article{mir2022decentralized,
  title={Decentralized, privacy-preserving, single sign-on},
  author={Mir, Omid and Roland, Michael and Mayrhofer, Ren{\'e}},
  journal={Security and Communication Networks},
  volume={2022},
  pages={1--18},
  year={2022},
  publisher={Hindawi Limited}
}
@inproceedings{au2009dynamic,
  title={Dynamic universal accumulators for DDH groups and their application to attribute-based anonymous credential systems},
  author={Au, Man Ho and Tsang, Patrick P and Susilo, Willy and Mu, Yi},
  booktitle={Topics in Cryptology--CT-RSA 2009: The Cryptographersâ€™ Track at the RSA Conference 2009, San Francisco, CA, USA, April 20-24, 2009. Proceedings},
  pages={295--308},
  year={2009},
  organization={Springer}
}
@inproceedings{au2006constant,
  title={Constant-size dynamic k-TAA},
  author={Au, Man Ho and Susilo, Willy and Mu, Yi},
  booktitle={Security and Cryptography for Networks: 5th International Conference, SCN 2006, Maiori, Italy, September 6-8, 2006. Proceedings 5},
  pages={111--125},
  year={2006},
  organization={Springer}
}

@techreport{3gpp23501,
	author={3GPP},
	institution={{3rd Generation Partnership Project (3GPP)}},
	month={06},
	note={version 15.2.0 Release 15},
	number={23.501},
	title={{5G; System Architecture for the 5G System}},
	type={Technical Specification (TS)},
	year={2018}
}
