@article{DBLP:journals/tdsc/XueGHWHY22,
  author       = {Kaiping Xue and
                  Na Gai and
                  Jianan Hong and
                  David S. L. Wei and
                  Peilin Hong and
                  Nenghai Yu},
  title        = {Efficient and Secure Attribute-Based Access Control With Identical
                  Sub-Policies Frequently Used in Cloud Storage},
  journal      = {{IEEE} Trans. Dependable Secur. Comput.},
  volume       = {19},
  number       = {1},
  pages        = {635--646},
  year         = {2022},
  url          = {https://doi.org/10.1109/TDSC.2020.2987903},
  doi          = {10.1109/TDSC.2020.2987903},
  timestamp    = {Fri, 21 Jan 2022 00:00:00 +0100},
  biburl       = {https://dblp.org/rec/journals/tdsc/XueGHWHY22.bib},
  bibsource    = {dblp computer science bibliography, https://dblp.org}
}

@article{DBLP:journals/tvt/XueLTHWL22,
  author       = {Kaiping Xue and
                  Xinyi Luo and
                  Hangyu Tian and
                  Jianan Hong and
                  David S. L. Wei and
                  Jian Li},
  title        = {A Blockchain Based User Subscription Data Management and Access Control
                  Scheme in Mobile Communication Networks},
  journal      = {{IEEE} Trans. Veh. Technol.},
  volume       = {71},
  number       = {3},
  pages        = {3108--3120},
  year         = {2022},
  url          = {https://doi.org/10.1109/TVT.2021.3138203},
  doi          = {10.1109/TVT.2021.3138203},
  timestamp    = {Fri, 01 Apr 2022 01:00:00 +0200},
  biburl       = {https://dblp.org/rec/journals/tvt/XueLTHWL22.bib},
  bibsource    = {dblp computer science bibliography, https://dblp.org}
}

@inproceedings{DBLP:conf/globecom/XieHH22,
  author       = {Xin Xie and
                  Cunqing Hua and
                  Jianan Hong},
  title        = {Joint Power Control for Over-the-Air Computation in Multicarrier Wireless
                  System},
  booktitle    = {{IEEE} Global Communications Conference, {GLOBECOM} 2022, Rio de Janeiro,
                  Brazil, December 4-8, 2022},
  pages        = {794--799},
  publisher    = {{IEEE}},
  year         = {2022},
  url          = {https://doi.org/10.1109/GLOBECOM48099.2022.10000853},
  doi          = {10.1109/GLOBECOM48099.2022.10000853},
  timestamp    = {Tue, 17 Jan 2023 08:56:31 +0100},
  biburl       = {https://dblp.org/rec/conf/globecom/XieHH22.bib},
  bibsource    = {dblp computer science bibliography, https://dblp.org}
}

@inproceedings{DBLP:conf/globecom/YangLLHLX22,
  author       = {Jinjiang Yang and
                  Feng Liu and
                  Xinyi Luo and
                  Jianan Hong and
                  Jian Li and
                  Kaiping Xue},
  title        = {Forward Private Multi-Client Searchable Encryption with Efficient
                  Access Control in Cloud Storage},
  booktitle    = {{IEEE} Global Communications Conference, {GLOBECOM} 2022, Rio de Janeiro,
                  Brazil, December 4-8, 2022},
  pages        = {3791--3796},
  publisher    = {{IEEE}},
  year         = {2022},
  url          = {https://doi.org/10.1109/GLOBECOM48099.2022.10001146},
  doi          = {10.1109/GLOBECOM48099.2022.10001146},
  timestamp    = {Wed, 15 Mar 2023 00:00:00 +0100},
  biburl       = {https://dblp.org/rec/conf/globecom/YangLLHLX22.bib},
  bibsource    = {dblp computer science bibliography, https://dblp.org}
}

@article{DBLP:journals/tdsc/HongXGWH20,
  author       = {Jianan Hong and
                  Kaiping Xue and
                  Na Gai and
                  David S. L. Wei and
                  Peilin Hong},
  title        = {Service Outsourcing in {F2C} Architecture with Attribute-based Anonymous
                  Access Control and Bounded Service Number},
  journal      = {{IEEE} Trans. Dependable Secur. Comput.},
  volume       = {17},
  number       = {5},
  pages        = {1051--1062},
  year         = {2020},
  url          = {https://doi.org/10.1109/TDSC.2018.2845381},
  doi          = {10.1109/TDSC.2018.2845381},
  timestamp    = {Thu, 02 Sep 2021 01:00:00 +0200},
  biburl       = {https://dblp.org/rec/journals/tdsc/HongXGWH20.bib},
  bibsource    = {dblp computer science bibliography, https://dblp.org}
}

@article{DBLP:journals/tsc/HongXXCWYH20,
  author       = {Jianan Hong and
                  Kaiping Xue and
                  Yingjie Xue and
                  Weikeng Chen and
                  David S. L. Wei and
                  Nenghai Yu and
                  Peilin Hong},
  title        = {{TAFC:} Time and Attribute Factors Combined Access Control for Time-Sensitive
                  Data in Public Cloud},
  journal      = {{IEEE} Trans. Serv. Comput.},
  volume       = {13},
  number       = {1},
  pages        = {158--171},
  year         = {2020},
  url          = {https://doi.org/10.1109/TSC.2017.2682090},
  doi          = {10.1109/TSC.2017.2682090},
  timestamp    = {Thu, 02 Apr 2020 01:00:00 +0200},
  biburl       = {https://dblp.org/rec/journals/tsc/HongXXCWYH20.bib},
  bibsource    = {dblp computer science bibliography, https://dblp.org}
}

@article{DBLP:journals/tvt/XuXTHWH20,
  author       = {Jie Xu and
                  Kaiping Xue and
                  Hangyu Tian and
                  Jianan Hong and
                  David S. L. Wei and
                  Peilin Hong},
  title        = {An Identity Management and Authentication Scheme Based on Redactable
                  Blockchain for Mobile Networks},
  journal      = {{IEEE} Trans. Veh. Technol.},
  volume       = {69},
  number       = {6},
  pages        = {6688--6698},
  year         = {2020},
  url          = {https://doi.org/10.1109/TVT.2020.2986041},
  doi          = {10.1109/TVT.2020.2986041},
  timestamp    = {Tue, 31 Aug 2021 01:00:00 +0200},
  biburl       = {https://dblp.org/rec/journals/tvt/XuXTHWH20.bib},
  bibsource    = {dblp computer science bibliography, https://dblp.org}
}

@article{DBLP:journals/iotj/XuXLTHHY19,
  author       = {Jie Xu and
                  Kaiping Xue and
                  Shaohua Li and
                  Hangyu Tian and
                  Jianan Hong and
                  Peilin Hong and
                  Nenghai Yu},
  title        = {Healthchain: {A} Blockchain-Based Privacy Preserving Scheme for Large-Scale
                  Health Data},
  journal      = {{IEEE} Internet Things J.},
  volume       = {6},
  number       = {5},
  pages        = {8770--8781},
  year         = {2019},
  url          = {https://doi.org/10.1109/JIOT.2019.2923525},
  doi          = {10.1109/JIOT.2019.2923525},
  timestamp    = {Tue, 31 Aug 2021 01:00:00 +0200},
  biburl       = {https://dblp.org/rec/journals/iotj/XuXLTHHY19.bib},
  bibsource    = {dblp computer science bibliography, https://dblp.org}
}

@article{DBLP:journals/tifs/XueXGHWH19,
  author       = {Yingjie Xue and
                  Kaiping Xue and
                  Na Gai and
                  Jianan Hong and
                  David S. L. Wei and
                  Peilin Hong},
  title        = {An Attribute-Based Controlled Collaborative Access Control Scheme
                  for Public Cloud Storage},
  journal      = {{IEEE} Trans. Inf. Forensics Secur.},
  volume       = {14},
  number       = {11},
  pages        = {2927--2942},
  year         = {2019},
  url          = {https://doi.org/10.1109/TIFS.2019.2911166},
  doi          = {10.1109/TIFS.2019.2911166},
  timestamp    = {Thu, 06 Aug 2020 01:00:00 +0200},
  biburl       = {https://dblp.org/rec/journals/tifs/XueXGHWH19.bib},
  bibsource    = {dblp computer science bibliography, https://dblp.org}
}

@article{DBLP:journals/network/XueHMWHY18,
  author       = {Kaiping Xue and
                  Jianan Hong and
                  Yongjin Ma and
                  David S. L. Wei and
                  Peilin Hong and
                  Nenghai Yu},
  title        = {Fog-Aided Verifiable Privacy Preserving Access Control for Latency-Sensitive
                  Data Sharing in Vehicular Cloud Computing},
  journal      = {{IEEE} Netw.},
  volume       = {32},
  number       = {3},
  pages        = {7--13},
  year         = {2018},
  url          = {https://doi.org/10.1109/MNET.2018.1700341},
  doi          = {10.1109/MNET.2018.1700341},
  timestamp    = {Fri, 11 Sep 2020 01:00:00 +0200},
  biburl       = {https://dblp.org/rec/journals/network/XueHMWHY18.bib},
  bibsource    = {dblp computer science bibliography, https://dblp.org}
}

@article{DBLP:journals/tifs/XueCLHH18,
  author       = {Kaiping Xue and
                  Weikeng Chen and
                  Wei Li and
                  Jianan Hong and
                  Peilin Hong},
  title        = {Combining Data Owner-Side and Cloud-Side Access Control for Encrypted
                  Cloud Storage},
  journal      = {{IEEE} Trans. Inf. Forensics Secur.},
  volume       = {13},
  number       = {8},
  pages        = {2062--2074},
  year         = {2018},
  url          = {https://doi.org/10.1109/TIFS.2018.2809679},
  doi          = {10.1109/TIFS.2018.2809679},
  timestamp    = {Thu, 06 Aug 2020 01:00:00 +0200},
  biburl       = {https://dblp.org/rec/journals/tifs/XueCLHH18.bib},
  bibsource    = {dblp computer science bibliography, https://dblp.org}
}

@inproceedings{DBLP:conf/icc/HeWXLHX18,
  author       = {Peixuan He and
                  Yinxin Wan and
                  Qiudong Xia and
                  Shaohua Li and
                  Jianan Hong and
                  Kaiping Xue},
  title        = {{LASA:} Lightweight, Auditable and Secure Access Control in {ICN}
                  with Limitation of Access Times},
  booktitle    = {2018 {IEEE} International Conference on Communications, {ICC} 2018,
                  Kansas City, MO, USA, May 20-24, 2018},
  pages        = {1--6},
  publisher    = {{IEEE}},
  year         = {2018},
  url          = {https://doi.org/10.1109/ICC.2018.8422829},
  doi          = {10.1109/ICC.2018.8422829},
  timestamp    = {Wed, 16 Oct 2019 14:14:50 +0200},
  biburl       = {https://dblp.org/rec/conf/icc/HeWXLHX18.bib},
  bibsource    = {dblp computer science bibliography, https://dblp.org}
}

@inproceedings{DBLP:conf/mass/MengXXHY18,
  author       = {Wei Meng and
                  Kaiping Xue and
                  Jie Xu and
                  Jianan Hong and
                  Nenghai Yu},
  title        = {Low-Latency Authentication Against Satellite Compromising for Space
                  Information Network},
  booktitle    = {15th {IEEE} International Conference on Mobile Ad Hoc and Sensor Systems,
                  {MASS} 2018, Chengdu, China, October 9-12, 2018},
  pages        = {237--244},
  publisher    = {{IEEE} Computer Society},
  year         = {2018},
  url          = {https://doi.org/10.1109/MASS.2018.00045},
  doi          = {10.1109/MASS.2018.00045},
  timestamp    = {Fri, 24 Mar 2023 00:00:00 +0100},
  biburl       = {https://dblp.org/rec/conf/mass/MengXXHY18.bib},
  bibsource    = {dblp computer science bibliography, https://dblp.org}
}

@article{DBLP:journals/tc/XueHXWYH17,
  author       = {Kaiping Xue and
                  Jianan Hong and
                  Yingjie Xue and
                  David S. L. Wei and
                  Nenghai Yu and
                  Peilin Hong},
  title        = {{CABE:} {A} New Comparable Attribute-Based Encryption Construction
                  with 0-Encoding and 1-Encoding},
  journal      = {{IEEE} Trans. Computers},
  volume       = {66},
  number       = {9},
  pages        = {1491--1503},
  year         = {2017},
  url          = {https://doi.org/10.1109/TC.2017.2693265},
  doi          = {10.1109/TC.2017.2693265},
  timestamp    = {Tue, 22 Aug 2017 01:00:00 +0200},
  biburl       = {https://dblp.org/rec/journals/tc/XueHXWYH17.bib},
  bibsource    = {dblp computer science bibliography, https://dblp.org}
}

@article{DBLP:journals/tifs/XueXHLYWH17,
  author       = {Kaiping Xue and
                  Yingjie Xue and
                  Jianan Hong and
                  Wei Li and
                  Hao Yue and
                  David S. L. Wei and
                  Peilin Hong},
  title        = {{RAAC:} Robust and Auditable Access Control With Multiple Attribute
                  Authorities for Public Cloud Storage},
  journal      = {{IEEE} Trans. Inf. Forensics Secur.},
  volume       = {12},
  number       = {4},
  pages        = {953--967},
  year         = {2017},
  url          = {https://doi.org/10.1109/TIFS.2016.2647222},
  doi          = {10.1109/TIFS.2016.2647222},
  timestamp    = {Thu, 06 Aug 2020 01:00:00 +0200},
  biburl       = {https://dblp.org/rec/journals/tifs/XueXHLYWH17.bib},
  bibsource    = {dblp computer science bibliography, https://dblp.org}
}

@article{DBLP:journals/tifs/XueLHXYH17,
  author       = {Kaiping Xue and
                  Shaohua Li and
                  Jianan Hong and
                  Yingjie Xue and
                  Nenghai Yu and
                  Peilin Hong},
  title        = {Two-Cloud Secure Database for Numeric-Related {SQL} Range Queries
                  With Privacy Preserving},
  journal      = {{IEEE} Trans. Inf. Forensics Secur.},
  volume       = {12},
  number       = {7},
  pages        = {1596--1608},
  year         = {2017},
  url          = {https://doi.org/10.1109/TIFS.2017.2675864},
  doi          = {10.1109/TIFS.2017.2675864},
  timestamp    = {Thu, 06 Aug 2020 01:00:00 +0200},
  biburl       = {https://dblp.org/rec/journals/tifs/XueLHXYH17.bib},
  bibsource    = {dblp computer science bibliography, https://dblp.org}
}

@inproceedings{DBLP:conf/icc/YangHXCZY17,
  author       = {Qingyou Yang and
                  Jianan Hong and
                  Kaiping Xue and
                  Weikeng Chen and
                  Xiang Zhang and
                  Hao Yue},
  title        = {A privacy-preserving and real-time traceable power request scheme
                  for smart grid},
  booktitle    = {{IEEE} International Conference on Communications, {ICC} 2017, Paris,
                  France, May 21-25, 2017},
  pages        = {1--6},
  publisher    = {{IEEE}},
  year         = {2017},
  url          = {https://doi.org/10.1109/ICC.2017.7997253},
  doi          = {10.1109/ICC.2017.7997253},
  timestamp    = {Wed, 16 Oct 2019 14:14:50 +0200},
  biburl       = {https://dblp.org/rec/conf/icc/YangHXCZY17.bib},
  bibsource    = {dblp computer science bibliography, https://dblp.org}
}

@article{DBLP:journals/tpds/LiXXH16,
  author       = {Wei Li and
                  Kaiping Xue and
                  Yingjie Xue and
                  Jianan Hong},
  title        = {{TMACS:} {A} Robust and Verifiable Threshold Multi-Authority Access
                  Control System in Public Cloud Storage},
  journal      = {{IEEE} Trans. Parallel Distributed Syst.},
  volume       = {27},
  number       = {5},
  pages        = {1484--1496},
  year         = {2016},
  url          = {https://doi.org/10.1109/TPDS.2015.2448095},
  doi          = {10.1109/TPDS.2015.2448095},
  timestamp    = {Fri, 02 Oct 2020 01:00:00 +0200},
  biburl       = {https://dblp.org/rec/journals/tpds/LiXXH16.bib},
  bibsource    = {dblp computer science bibliography, https://dblp.org}
}

@inproceedings{DBLP:conf/globecom/XueHLXH16,
  author       = {Yingjie Xue and
                  Jianan Hong and
                  Wei Li and
                  Kaiping Xue and
                  Peilin Hong},
  title        = {{LABAC:} {A} Location-Aware Attribute-Based Access Control Scheme
                  for Cloud Storage},
  booktitle    = {2016 {IEEE} Global Communications Conference, {GLOBECOM} 2016, Washington,
                  DC, USA, December 4-8, 2016},
  pages        = {1--6},
  publisher    = {{IEEE}},
  year         = {2016},
  url          = {https://doi.org/10.1109/GLOCOM.2016.7841945},
  doi          = {10.1109/GLOCOM.2016.7841945},
  timestamp    = {Wed, 16 Oct 2019 14:14:51 +0200},
  biburl       = {https://dblp.org/rec/conf/globecom/XueHLXH16.bib},
  bibsource    = {dblp computer science bibliography, https://dblp.org}
}

@techreport{3gpp.33.102, 
  author = {3GPP}, 
  day = {24}, 
  institution = {{3rd Generation Partnership Project (3GPP)}}, 
  month = {03}, 
  note = {Version 17.0.0}, 
  number = {33.102}, 
  title = {{3G security; Security architecture}}, 
  type = {Technical Specification (TS)}, 
  year = {2022}
}

@techreport{3gpp.33.401, 
  author = {3GPP}, 
  day = {22}, 
  institution = {{3rd Generation Partnership Project (3GPP)}}, 
  month = {09}, 
  note = {Version 17.3.0}, 
  number = {33.401}, 
  title = {{3GPP System Architecture Evolution (SAE); Security architecture}}, 
  type = {Technical Specification (TS)}, 
  year = {2022}
}

@techreport{3gpp.33.501, 
  author = {3GPP}, 
  day = {30}, 
  institution = {{3rd Generation Partnership Project (3GPP)}}, 
  month = {03}, 
  note = {Version 18.1.0}, 
  number = {33.501}, 
  title = {{Security architecture and procedures for 5G System}},
  type = {Technical Specification (TS)}, 
  year = {2023}
}

@article{jiang2021road,
  title={The road towards 6G: A comprehensive survey},
  author={Jiang, Wei and Han, Bin and Habibi, Mohammad Asif and Schotten, Hans Dieter},
  journal={IEEE Open Journal of the Communications Society},
  volume={2},
  pages={334--366},
  year={2021},
  publisher={IEEE}
}

@article{siriwardhana2021survey,
  title={A survey on mobile augmented reality with 5G mobile edge computing: architectures, applications, and technical aspects},
  author={Siriwardhana, Yushan and Porambage, Pawani and Liyanage, Madhusanka and Ylianttila, Mika},
  journal={IEEE Communications Surveys \& Tutorials},
  volume={23},
  number={2},
  pages={1160--1192},
  year={2021},
  publisher={IEEE}
}

@article{paquin2011u,
  title={U-prove cryptographic specification v1. 1},
  author={Paquin, Christian and Zaverucha, Greg},
  journal={Technical Report, Microsoft Corporation},
  year={2011}
}

@article{gps2008pairings,
  title={Pairings for cryptographers},
  author={Galbraith, Steven D and Paterson, Kenneth G and Smart, Nigel P},
  journal={Discrete Applied Mathematics},
  volume={156},
  number={16},
  pages={3113--3121},
  year={2008},
  publisher={Elsevier}
}

@article{Asghar2021,
author = {Asghar, Muhammad Rizwan and Galbraith, Steven D},
journal = {ACM Transactions on Privacy and Security},
volume = {24},
number = {3},
title = {{Privacy-preserving Dynamic Symmetric Searchable}},
year = {2021},
publisher = {ACM}
}


@article{Teng2015,
author = {Teng, Wei and Yang, Geng and Xiang, Yang and Member, Senior},
doi = {10.1109/TCC.2015.2440247},
file = {:C\:/Users/hongjn/AppData/Local/Mendeley Ltd./Mendeley Desktop/Downloaded/Teng et al. - 2015 - Attribute-based Access Control with Constant-size Ciphertext in Cloud Computing.pdf:pdf},
isbn = {2168-7161},
issn = {2168-7161},
journal = {IEEE Transactions on Cloud Computing},
number = {c},
pages = {1--11},
title = {{Attribute-based Access Control with Constant-size Ciphertext in Cloud Computing}},
volume = {7161},
year = {2015}
}

@inproceedings{Sahai2012,
author = {Sahai, Amit and Seyalioglu, Hakan and Waters, Brent},
file = {:C\:/Users/hongjn/AppData/Local/Mendeley Ltd./Mendeley Desktop/Downloaded/Sahai, Seyalioglu, Waters - 2012 - Dynamic Credentials and Ciphertext Delegation for Attribute-Based Encryption.pdf:pdf},
booktitle={Annual Cryptology Conference},
pages = {199--217},
title = {{Dynamic Credentials and Ciphertext Delegation for Attribute-Based Encryption}},
year = {2012}
}

@article{elpasso,
  title={EL PASSO: Efficient and Lightweight Privacy-preserving Single Sign On.},
  author={Zhang, Zhiyi and Kr{\'o}l, Michal and Sonnino, Alberto and Zhang, Lixia and Rivi{\`e}re, Etienne},
  journal={Proc. Priv. Enhancing Technol.},
  volume={2021},
  number={2},
  pages={70--87},
  year={2021}
}

@inproceedings{hammann2020privacy,
  title={Privacy-Preserving OpenID Connect},
  author={Hammann, Sven and Sasse, Ralf and Basin, David},
  booktitle={Proceedings of the 15th ACM Asia Conference on Computer and Communications Security},
  pages={277--289},
  year={2020}
}


@article{Boneh2004,
abstract = {We construct a short group signature scheme. Signatures in our scheme are approximately the size of a standard RSA signature with the same security. Security of our group signature is based on the Strong Diffie-Hellman assumption and a new assumption in bilinear groups called the Decision Linear assumption. We prove security of our system, in the random oracle model, using a variant of the security definition for group signatures recently given by Bellare, Micciancio, and Warinschi. {\textcopyright} International Association for Cryptologic Research 2004.},
author = {Boneh, Dan and Boyen, Xavier and Shacham, Hovav},
file = {:C\:/D盘/papers/Boneh2004_Chapter_ShortGroupSignatures.pdf:pdf},
isbn = {3540226680},
issn = {16113349},
journal = {Lecture Notes in Computer Science (including subseries Lecture Notes in Artificial Intelligence and Lecture Notes in Bioinformatics)},
pages = {41--55},
title = {{Short Group Signatures}},
volume = {3152},
year = {2004}
}

@article{windley2016sovrin,
  title={How Sovrin Works},
  author={Windley, Phillip},
  journal={Sovrin Foundation},
  pages={1--10},
  year={2016}
}

@article{reed2016technical,
  title={The technical foundations of sovrin},
  author={Reed, Drummond and Law, Jason and Hardman, Daniel},
  journal={Technical report, Sovrin, 2016},
  year={2016}
}

@misc{didbbs,
  author = {W3C},
  title={Decentralized Identifiers (DIDs) v1.0, Core architecture, data model, and representations},
  howpublished = {\url{https://www.w3.org/TR/did-core/}}
}

@inproceedings{camenisch2004signature,
  title={Signature schemes and anonymous credentials from bilinear maps},
  author={Camenisch, Jan and Lysyanskaya, Anna},
  booktitle={Annual international cryptology conference},
  pages={56--72},
  year={2004},
  organization={Springer}
}

@inproceedings{camenisch2002design,
  title={Design and implementation of the idemix anonymous credential system},
  author={Camenisch, Jan and Van Herreweghen, Els},
  booktitle={Proceedings of the 9th ACM Conference on Computer and Communications Security},
  pages={21--30},
  year={2002}
}

@techreport{3gpp.33.855,
  author = {3GPP},
  day = {06},
  institution = {{3rd Generation Partnership Project (3GPP)}},
  month = {07},
  number = {33.855},
  title = {{Study on security aspects of the 5G Service Based Architecture (SBA)}},
  type = {Technical report (TR)},
  year = {2020}
}

@article{NGMN2019,
author = {NGMN},
title = {Service-Based Architecture in 5G Case Study and Deployment Recommendations by NGMN Alliance},
year = {2019}
}

@techreport{neuman2005kerberos,
  title={The Kerberos network authentication service (V5)},
  author={Neuman, Clifford and Yu, Tom and Hartman, Sam and Raeburn, Kenneth},
  year={2005},
  institution={RFC 4120, July}
}

@misc{housley2002rfc3280,
  title={RFC3280: Internet X. 509 public key infrastructure certificate and certificate revocation list (CRL) profile},
  author={Housley, Russ and Polk, William and Ford, Warwick and Solo, David},
  year={2002},
  publisher={RFC Editor}
}

@inproceedings{recordon2006openid,
  title={OpenID 2.0: a platform for user-centric identity management},
  author={Recordon, David and Reed, Drummond},
  booktitle={Proceedings of the second ACM workshop on Digital identity management},
  pages={11--16},
  year={2006}
}

@inproceedings{khan2011openid,
  title={OpenID authentication as a service in OpenStack},
  author={Khan, Rasib Hassan and Ylitalo, Jukka and Ahmed, Abu Shohel},
  booktitle={2011 7th International Conference on Information Assurance and Security (IAS)},
  pages={372--377},
  year={2011},
  organization={IEEE}
}

@article{voigt2017eu,
  title={The eu general data protection regulation (gdpr)},
  author={Voigt, Paul and Von dem Bussche, Axel},
  journal={A Practical Guide, 1st Ed., Cham: Springer International Publishing},
  volume={10},
  pages={3152676},
  year={2017},
  publisher={Springer}
}

@article{davie2019trust,
  title={The trust over ip stack},
  author={Davie, Matthew and Gisolfi, Dan and Hardman, Daniel and Jordan, John and O'Donnell, Darrell and Reed, Drummond},
  journal={IEEE Communications Standards Magazine},
  volume={3},
  number={4},
  pages={46--51},
  year={2019},
  publisher={IEEE}
}


@inproceedings{pointcheval2016short,
  title={Short randomizable signatures},
  author={Pointcheval, David and Sanders, Olivier},
  booktitle={Cryptographers’ Track at the RSA Conference},
  pages={111--126},
  year={2016},
  organization={Springer}
}

@inproceedings{chase2014algebraic,
  title={Algebraic MACs and keyed-verification anonymous credentials},
  author={Chase, Melissa and Meiklejohn, Sarah and Zaverucha, Greg},
  booktitle={Proceedings of the 2014 ACM SIGSAC Conference on Computer and Communications Security},
  pages={1205--1216},
  year={2014}
}

@inproceedings{canard2011anonymous,
  title={Anonymous credentials from (indexed) aggregate signatures},
  author={Canard, S{\'e}bastien and Lescuyer, Roch},
  booktitle={Proceedings of the 7th ACM workshop on Digital identity management},
  pages={53--62},
  year={2011}
}

@article{mcdonald2020landscape,
  title={The Landscape of Pointcheval-Sanders Signatures: Mapping to Polynomial-Based Signatures and Beyond.},
  author={McDonald, Kristian L},
  journal={IACR Cryptol. ePrint Arch.},
  volume={2020},
  pages={450},
  year={2020}
}

@article{li2018multi,
  title={Multi-authority fine-grained access control with accountability and its application in cloud},
  author={Li, Jin and Chen, Xiaofeng and Chow, Sherman SM and Huang, Qiong and Wong, Duncan S and Liu, Zheli},
  journal={Journal of Network and Computer Applications},
  volume={112},
  pages={89--96},
  year={2018},
  publisher={Elsevier}
}

@article{miao2019multi,
  title={Multi-authority attribute-based keyword search over encrypted cloud data},
  author={Miao, Yinbin and Deng, Robert and Liu, Ximeng and Choo, Kim-Kwang Raymond and Wu, Hongjun and Li, Hongwei},
  journal={IEEE Transactions on Dependable and Secure Computing},
  year={2019},
  publisher={IEEE}
}

@article{hong2018service,
  title={Service outsourcing in F2C architecture with attribute-based anonymous access control and bounded service number},
  author={Hong, Jianan and Xue, Kaiping and Gai, Na and Wei, David SL and Hong, Peilin},
  journal={IEEE Transactions on Dependable and Secure Computing},
  volume={17},
  number={5},
  pages={1051--1062},
  year={2018},
  publisher={IEEE}
}

@inproceedings{camenisch2019fast,
  title={Fast keyed-verification anonymous credentials on standard smart cards},
  author={Camenisch, Jan and Drijvers, Manu and Dzurenda, Petr and Hajny, Jan},
  booktitle={IFIP International Conference on ICT Systems Security and Privacy Protection},
  pages={286--298},
  year={2019},
  organization={Springer}
}

@inproceedings{camenisch2002dynamic,
  title={Dynamic accumulators and application to efficient revocation of anonymous credentials},
  author={Camenisch, Jan and Lysyanskaya, Anna},
  booktitle={Annual international cryptology conference},
  pages={61--76},
  year={2002},
  organization={Springer}
}

@misc{cryptoeprint:2020/657,
	author = {Chloé Hébant and David Pointcheval},
	title = {Traceable Constant-Size Multi-Authority Credentials},
	howpublished = {Cryptology ePrint Archive, Paper 2020/657},
	year = {2020},
	note = {\url{https://eprint.iacr.org/2020/657}},
	url = {https://eprint.iacr.org/2020/657}
}

@inproceedings{ferrara2009practical,
	title={Practical short signature batch verification},
	author={Ferrara, Anna Lisa and Green, Matthew and Hohenberger, Susan and Pedersen, Michael {\O}stergaard},
	booktitle={Cryptographers’ Track at the RSA Conference},
	pages={309--324},
	year={2009},
	organization={Springer}
}

@inproceedings{blazy2010batch,
	title={Batch groth--sahai},
	author={Blazy, Olivier and Fuchsbauer, Georg and Izabachene, Malika and Jambert, Amandine and Sibert, Herv{\'e} and Vergnaud, Damien},
	booktitle={International Conference on Applied Cryptography and Network Security},
	pages={218--235},
	year={2010},
	organization={Springer}
}

@article{garg2020efficient,
	title={An efficient data integrity auditing protocol for cloud computing},
	author={Garg, Neenu and Bawa, Seema and Kumar, Neeraj},
	journal={Future Generation Computer Systems},
	volume={109},
	pages={306--316},
	year={2020},
	publisher={Elsevier}
}

@article{Wang2015,
	author = {Wang, Boyang and Li, Baochun and Li, Hui},
	doi = {10.1109/CLOUD.2012.46},
	isbn = {9780769547558},
	journal = {IEEE Transactions on Cloud Computing},
	keywords = {cloud computing,cloud server,data integrity,public auditing,security},
	mendeley-groups = {cloud},
	number = {6},
	pages = {23--26},
	title = {{Oruta : Public Auditing for Shared Data in the Cloud Storage}},
	volume = {2},
	year = {2015}
}

@article{horng2013b,
	title={b-SPECS+: Batch verification for secure pseudonymous authentication in VANET},
	author={Horng, Shi-Jinn and Tzeng, Shiang-Feng and Pan, Yi and Fan, Pingzhi and Wang, Xian and Li, Tianrui and Khan, Muhammad Khurram},
	journal={IEEE transactions on information forensics and security},
	volume={8},
	number={11},
	pages={1860--1875},
	year={2013},
	publisher={IEEE}
}

@article{lim1994security,
	title={Security of interactive DSA batch verification},
	author={Lim, Chae Hoon and Lee, Pil Joong},
	journal={Electronics letters},
	volume={30},
	number={19},
	pages={1592--1592},
	year={1994},
	publisher={Citeseer}
}

@inproceedings{zhang2008efficient,
	title={An efficient identity-based batch verification scheme for vehicular sensor networks},
	author={Zhang, Chenxi and Lu, Rongxing and Lin, Xiaodong and Ho, P-H and Shen, Xuemin},
	booktitle={IEEE INFOCOM 2008-The 27th Conference on Computer Communications},
	pages={246--250},
	year={2008},
	organization={IEEE}
}

@article{zhang2011batch,
	title={On batch verification with group testing for vehicular communications},
	author={Zhang, Chenxi and Ho, Pin-Han and Tapolcai, Janos},
	journal={Wireless Networks},
	volume={17},
	number={8},
	pages={1851--1865},
	year={2011},
	publisher={Springer}
}

@inproceedings{bunz2018bulletproofs,
	title={Bulletproofs: Short proofs for confidential transactions and more},
	author={B{\"u}nz, Benedikt and Bootle, Jonathan and Boneh, Dan and Poelstra, Andrew and Wuille, Pieter and Maxwell, Greg},
	booktitle={2018 IEEE symposium on security and privacy (SP)},
	pages={315--334},
	year={2018},
	organization={IEEE}
}

@misc{rfc6749,
    series =    {Request for Comments},
    number =    6749,
    howpublished =  {RFC 6749},
    publisher = {RFC Editor},
    doi =       {10.17487/RFC6749},
    url =       {https://www.rfc-editor.org/info/rfc6749},
        author =    {Dick Hardt},
    title =     {{The OAuth 2.0 Authorization Framework}},
    pagetotal = 76,
    year =      2012,
    month =     oct,
    abstract =  {The OAuth 2.0 authorization framework enables a third-party application to obtain limited access to an HTTP service, either on behalf of a resource owner by orchestrating an approval interaction between the resource owner and the HTTP service, or by allowing the third-party application to obtain access on its own behalf. This specification replaces and obsoletes the OAuth 1.0 protocol described in RFC 5849. {[}STANDARDS-TRACK{]}},
}

@article{yu2020blockchainbased,
	title = {Blockchain-Based Anonymous Authentication With Selective Revocation for Smart Industrial Applications},
	volume = {16},
	issue = {5},
	page = {3290-3300},
	publisher = {Institute of Electrical and Electronics Engineers (IEEE)},
	url = {http://dx.doi.org/10.1109/tii.2019.2944678},
	doi = {10.1109/tii.2019.2944678},
	journal = {IEEE Transactions on Industrial Informatics},
	year = {2020},
	month = {5},
	author = {Yong Yu and Yanqi Zhao and Yannan Li and Xiaojiang Du and Lianhai Wang and Mohsen Guizani}
}
